<record><leader>00000cas a2200000 a 4500</leader><controlfield tag="001">12717868</controlfield><controlfield tag="008">851025d19011905ksuwr ne      0    0eng d</controlfield><datafield ind1=" " ind2=" " tag="010"><subfield code="a">sn 85029890 </subfield></datafield><datafield ind1=" " ind2=" " tag="040"><subfield code="a">KSH</subfield><subfield code="b">eng</subfield><subfield code="c">KSH</subfield><subfield code="d">NPT</subfield><subfield code="d">OCL</subfield><subfield code="d">OCLCQ</subfield></datafield><datafield ind1=" " ind2=" " tag="042"><subfield code="a">msc</subfield></datafield><datafield ind1="0" ind2=" " tag="130"><subfield code="a">Messenger (Smith Center, Kan.)</subfield></datafield><datafield ind1="1" ind2="4" tag="245"><subfield code="a">The messenger.</subfield></datafield><datafield ind1=" " ind2=" " tag="260"><subfield code="a">Smith Center, Kan. :</subfield><subfield code="b">Crabb &amp; Lanman,</subfield><subfield code="c">1901-1905.</subfield></datafield><datafield ind1=" " ind2=" " tag="300"><subfield code="a">4 v. :</subfield><subfield code="b">ill. ;</subfield><subfield code="c">49-56 cm.</subfield></datafield><datafield ind1=" " ind2=" " tag="310"><subfield code="a">Weekly</subfield></datafield><datafield ind1="0" ind2=" " tag="362"><subfield code="a">Vol. 17, no. 43 (Apr. 11, 1901)-v. 23, no. 2 (May 18, 1905).</subfield></datafield><datafield ind1=" " ind2=" " tag="500"><subfield code="a">Publisher varies.</subfield></datafield><datafield ind1=" " ind2=" " tag="515"><subfield code="a">Numbering is irregular.</subfield></datafield><datafield ind1=" " ind2=" " tag="525"><subfield code="a">Includes supplements.</subfield></datafield><datafield ind1=" " ind2=" " tag="752"><subfield code="a">United States</subfield><subfield code="b">Kansas</subfield><subfield code="c">Smith</subfield><subfield code="d">Smith Center.</subfield></datafield><datafield ind1="0" ind2="0" tag="780"><subfield code="t">Smith County democrat</subfield><subfield code="w">(DLC)sn 85029880</subfield></datafield><datafield ind1="0" ind2="0" tag="785"><subfield code="t">Smith County messenger</subfield><subfield code="w">(DLC)sn 85029753</subfield></datafield><datafield ind1="1" ind2=" " tag="029"><subfield code="a">AU@</subfield><subfield code="b">000022172873</subfield></datafield></record>